% thesis.bib, to be used with thesis.tex
% This contains the bibliography entries (which can be most easily obtained from databases such as MathSciNet).
% Run laTeX, bibTeX, laTeX on thesis.tex to produce the bibliography.
@book{mathematical1992topological,
  title={Topological Aspects of Kleinian Groups in Higher Dimensions},
  author={Kapovich, Michael},
  year={2006},
  publisher={MPI}
}
@article{kapovich2010kleinian,
  title={Kleinian groups in higher dimensions},
  author={Kapovich, Michael},
  journal={Progress in Mathematics},
  volume={265},
  pages={485--562},
  year={2010}
}
@article{knapp2009first,
  title={First Steps with the Langlands Program},
  author={Knapp, AW},
  journal={Automorphic Forms and the Langlands Program, Advanced Lectures in Mathematics},
  volume={9},
  pages={10--20},
  year={2009}
}
@inproceedings{knapp1997introduction,
  title={Introduction to the Langlands program},
  author={Knapp, AW},
  booktitle={Proceedings of symposia in pure mathematics},
  volume={61},
  pages={245--302},
  year={1997},
  organization={AMERICAN MATHEMATICAL SOCIETY}
}
@article{knapp2009prerequisites,
  title={Prerequisites for the Langlands Program},
  author={Knapp, AW},
  journal={Automorphic Forms and the Langlands Program, Advanced Lectures in Mathematics},
  volume={9},
  pages={1--9},
  year={2009}
}
@book{bump2003introduction,
  title={An introduction to the Langlands program},
  author={Bump, Daniel and de Shalit, E and Kudla, SS and Kowalski, E and Gaitsgory, D and Cogdell, JW},
  volume={140},
  year={2003},
  publisher={Springer Science \& Business Media}
}
@book{mueller2021genesis,
  title={The Genesis of the Langlands Program},
  author={Mueller, Julia and Shahidi, Freydoon},
  volume={467},
  year={2021},
  publisher={Cambridge University Press}
}
@article{bourgain2018spectral,
  title={Spectral gaps without the pressure condition},
  author={Bourgain, Jean and Dyatlov, Semyon},
  journal={Annals of Mathematics},
  volume={187},
  number={3},
  pages={825--867},
  year={2018},
  publisher={JSTOR}
}
@book{milnor2011dynamics,
  title={Dynamics in One Complex Variable.(AM-160):(AM-160)-},
  author={Milnor, John},
  volume={160},
  year={2011},
  publisher={Princeton University Press}
}
@misc{das2014geometry,
  title={Geometry of limit sets of discrete groups acting on real infinite-dimensional hyperbolic space},
  author={Das, Tushar and Stratmann, Bernd O and Urbanski, Mariusz},
  year={2014}
}

@article{jenkinson2002calculating,
  title={Calculating Hausdorff dimension of Julia sets and Kleinian limit sets},
  author={Jenkinson, Oliver and Pollicott, Mark},
  journal={American Journal of Mathematics},
  volume={124},
  number={3},
  pages={495--545},
  year={2002},
  publisher={Johns Hopkins University Press}
}

@article{falk2019dimensions,
  title={Dimensions of limit sets of Kleinian groups},
  author={Falk, Kurt},
  journal={Horizons of Fractal Geometry and Complex Dimensions},
  volume={731},
  pages={95},
  year={2019},
  publisher={American Mathematical Soc.}
}

@article{dyatlov2016spectral,
  title={Spectral gaps, additive energy, and a fractal uncertainty principle},
  author={Dyatlov, Semyon and Zahl, Joshua},
  journal={Geometric and Functional Analysis},
  volume={26},
  number={4},
  pages={1011--1094},
  year={2016},
  publisher={Springer}
}


@book{maskit2012kleinian,
  title={Kleinian groups},
  author={Maskit, Bernard},
  volume={287},
  year={2012},
  publisher={Springer Science \& Business Media}
}
@article{gromov1988hyperbolic,
  title={Hyperbolic 4-manifolds and conformally flat 3-manifolds},
  author={Gromov, Michael and Lawson Jr, HB and Thurston, William},
  journal={Publications Math{\'e}matiques de l'IH{\'E}S},
  volume={68},
  pages={27--45},
  year={1988}
}

@article{gray2012poincare,
  title={Poincar{\'e} and the idea of a group},
  author={Gray, Jeremy},
  journal={Nieuw Archief voor Wiskunde},
  volume={13},
  number={3},
  pages={178--186},
  year={2012}
}

@article{hausdorff1918dimension,
  title={Dimension und {\"a}u{\ss}eres Ma{\ss}},
  author={Hausdorff, Felix},
  journal={Mathematische Annalen},
  volume={79},
  number={1},
  pages={157--179},
  year={1918},
  publisher={Springer}
}

@article{caratheodory1914lineare,
  title={{\"U}ber das lineare Mass von Punktmengen-eine Verallgemeinerung des L{\"a}ngenbegriffs},
  author={Carath{\'e}odory, Constantin},
  journal={Nachrichten von der Gesellschaft der Wissenschaften zu G{\"o}ttingen, Mathematisch-Physikalische Klasse},
  volume={1914},
  pages={404--426},
  year={1914}
}

@book{ratcliffe1994foundations,
  title={Foundations of hyperbolic manifolds},
  author={Ratcliffe, John G},
  volume={149},
  year={1994},
  publisher={Springer}
}


@article {athanasiadismagic,
    AUTHOR = {Athanasiadis, Christos A.},
     TITLE = {Ehrhart polynomials, simplicial polytopes, magic squares and a
              conjecture of {S}tanley},
   JOURNAL = {J. Reine Angew. Math.},
  FJOURNAL = {Journal f\"ur die Reine und Angewandte Mathematik},
    VOLUME = {583},
      YEAR = {2005},
     PAGES = {163--174},
      ISSN = {0075-4102},
     CODEN = {JRMAA8},
   MRCLASS = {05E25 (06A11 52B20)},
}


@book{wade,
  title={An Introduction to Analysis},
  author={Wade, William R},
  year={2009},
  publisher={Prentice Hall}
}


@article{dyatlov2012microlocal,
  title={Microlocal limits of Eisenstein functions away from the unitarity axis},
  author={Dyatlov, Semyon},
  journal={Journal of Spectral Theory},
  volume={2},
  number={2},
  pages={181--202},
  year={2012}
}
@article{borthwick2014distribution,
  title={Distribution of resonances for hyperbolic surfaces},
  author={Borthwick, David},
  journal={Experimental Mathematics},
  volume={23},
  number={1},
  pages={25--45},
  year={2014},
  publisher={Taylor \& Francis}
}

@article{poincare1882memoire,
  title={M{\'e}moire sur les fonctions fuchsiennes},
  author={Poincar{\'e}, Henri},
  journal={Acta mathematica},
  volume={1},
  number={1},
  pages={193--294},
  year={1882},
  publisher={Springer}
}



@book{mumford2002indra,
  title={Indra's pearls: The vision of Felix Klein},
  author={Mumford, David and Series, Caroline and Wright, David},
  year={2002},
  publisher={Cambridge University Press}
}
@book{poincare1985papers,
  title={Papers on Fuchsian functions},
  author={Poincar{\'e}, Jules Henri},
  year={1985},
  publisher={springer}
}

@book{marden2007outer,
  title={Outer Circles: An introduction to hyperbolic 3-manifolds},
  author={Marden, Albert},
  year={2007},
  publisher={Cambridge University Press}
}


@book{stillwell2000,
  title={Papers on Fuchsian Functions},
  author={Stillwell, John},
  year={2000},
  publisher={Springer Science \& Business Media}
}

@book{stillwell2012classical,
  title={Classical topology and combinatorial group theory},
  author={Stillwell, John},
  volume={72},
  year={2012},
  publisher={Springer Science \& Business Media}
}
@book{stillwell2012geometry,
  title={Geometry of surfaces},
  author={Stillwell, John},
  year={2012},
  publisher={Springer Science \& Business Media}
}

@book{stillwell2005four,
  title={The four pillars of geometry},
  author={Stillwell, John},
  year={2005},
  publisher={Springer Science \& Business Media}
}

@book{stillwell1989mathematics,
  title={Mathematics and its History},
  author={Stillwell, John},
  volume={3},
  year={1989},
  publisher={Springer}
}

@book{mcmullen2016complex,
  title={Complex Dynamics and Renormalization (AM-135), Volume 135},
  author={McMullen, Curtis T},
  year={2016},
  publisher={Princeton University Press}
}

@book{mcmullen2014renormalization,
  title={Renormalization and 3-Manifolds Which Fiber over the Circle (AM-142), Volume 142},
  author={McMullen, Curtis T},
  year={2014},
  publisher={Princeton University Press}
}

@book{poincare1905science,
  title={Science and hypothesis},
  author={Poincar{\'e}, Henri},
  year={1905},
  publisher={Science Press}
}



@article{jakobson2010lower,
  title={Lower bounds for resonances of infinite-area Riemann surfaces},
  author={Jakobson, Dmitry and Naud, Fr{\'e}d{\'e}ric},
  journal={Analysis \& PDE},
  volume={3},
  number={2},
  pages={207--225},
  year={2010},
  publisher={Mathematical Sciences Publishers}
}

@article{sullivan1984entropy,
  title={Entropy, Hausdorff measures old and new, and limit sets of geometrically finite Kleinian groups},
  author={Sullivan, Dennis},
  journal={Acta Mathematica},
  volume={153},
  number={1},
  pages={259--277},
  year={1984},
  publisher={Springer}
}

@article{sullivan1982disjoint,
  title={Disjoint spheres, approximation by imaginary quadratic numbers, and the logarithm law for geodesics},
  author={Sullivan, Dennis},
  journal={Acta mathematica},
  volume={149},
  number={1},
  pages={215--237},
  year={1982},
  publisher={Springer}
}

@article{hersonsky2001hausdorff,
  title={Hausdorff dimension of Diophantine geodesics in negatively curved manifolds},
  author={Hersonsky, Sa’ar and Paulin, Fr{\'e}d{\'e}ric},
  journal={Journal fur die reine und angewandte Mathematik},
  pages={29--44},
  year={2001},
  publisher={WALTER DE GRUYTER}
}

@article{akaza1964poincara,
  title={Poincar\'{e} Theta Series and Singular Sets of Schottky Groups},
  author={Akaza, Tohru},
  journal={Nagoya Mathematical Journal},
  volume={24},
  pages={43--65},
  year={1964},
  publisher={Cambridge University Press}
}

@article{akaza1966singular,
  title={Singular sets of some Kleinian groups},
  author={Akaza, Tohru},
  journal={Nagoya Mathematical Journal},
  volume={26},
  pages={127--143},
  year={1966},
  publisher={Cambridge University Press}
}


@article{patterson1983further,
  title={Further remarks on the exponent of convergence of Poincar{\'e} series},
  author={Patterson, Samuel J},
  journal={Tohoku Mathematical Journal, Second Series},
  volume={35},
  number={3},
  pages={357--373},
  year={1983},
  publisher={Mathematical Institute, Tohoku University}
}


@article{patterson1976diophantine,
  title={Diophantine approximation in Fuchsian groups},
  author={Patterson, Samuel J},
  journal={Philosophical Transactions of the Royal Society of London. Series A, Mathematical and Physical Sciences},
  volume={282},
  number={1309},
  pages={527--563},
  year={1976},
  publisher={The Royal Society London}
}

@book{ford1929automorphic,
  title={Automorphic functions},
  author={Ford, Lester R},
  volume={85},
  year={1929},
  publisher={American Mathematical Soc.}
}

@book{lehner1964discontinuous,
  title={Discontinuous groups and automorphic functions},
  author={Lehner, Joseph},
  number={8},
  year={1964},
  publisher={American Mathematical Soc.}
}

@phdthesis{maguire2018spectral,
  title={The Spectral Theory of Multiboundary Wormholes},
  author={Maguire, Shaun Cohn},
  year={2018},
  school={California Institute of Technology}
}

@book{sun2020number,
  title={Number Theory in 3d Gravity and from 4d Gauge Theory},
  author={Sun, Haoyu},
  year={2020},
  publisher={University of California, Berkeley}
}


@article{ford1938fractions,
  title={Fractions},
  author={Ford, Lester R},
  journal={The American Mathematical Monthly},
  volume={45},
  number={9},
  pages={586--601},
  year={1938},
  publisher={Taylor \& Francis}
}

@book{hardy1979introduction,
  title={An introduction to the theory of numbers},
  author={Hardy, Godfrey Harold and Wright, Edward Maitland and others},
  year={1979},
  publisher={Oxford university press}
}

@book{hardy1968introduction,
  title={An Introduction to the Theory of Numbers, by G.H. Hardy and E.M. Wright. 4th Ed},
  author={Hardy, G.H. and Wright, E.M.},
  url={https://books.google.com/books?id=-TA5kgAACAAJ},
  year={1968},
  publisher={Oxford, Clarendon Press}
}

@book{needham1998visual,
  title={Visual complex analysis},
  author={Needham, Tristan},
  year={1998},
  publisher={Oxford University Press}
}
@incollection{cano2013complex,
  title={Complex kleinian groups},
  author={Cano, Angel and Navarrete, Juan Pablo and Seade, Jos{\'e}},
  booktitle={Complex Kleinian Groups},
  pages={77--92},
  year={2013},
  publisher={Springer}
}
@article{alperin1987elementary,
  title={An elementary account of Selberg’s lemma},
  author={Alperin, Roger C},
  journal={Enseign. Math.(2)},
  volume={33},
  number={3-4},
  pages={269--273},
  year={1987}
}
@inproceedings{artin1924mechanisches,
  title={Ein mechanisches System mit quasiergodischen Bahnen},
  author={Artin, Emil},
  booktitle={Abhandlungen aus dem Mathematischen Seminar der Universit{\"a}t Hamburg},
  volume={3},
  number={1},
  pages={170--175},
  year={1924},
  organization={Springer}
}


@article{strominger1996mirror,
  title={Mirror symmetry is T-duality},
  author={Strominger, Andrew and Yau, Shing-Tung and Zaslow, Eric},
  journal={Nuclear Physics B},
  volume={479},
  number={1-2},
  pages={243--259},
  year={1996},
  publisher={Elsevier}
}
@inproceedings{zagier2001new,
  title={New points of view on the Selberg zeta function},
  author={Zagier, Don},
  booktitle={Proceedings of the Japanese-German Seminar “Explicit structures of modular forms and zeta functions” Hakuba},
  year={2001}
}

@article{yin2007partition,
  title={Partition functions of three-dimensional pure gravity},
  author={Yin, Xi},
  journal={arXiv preprint arXiv:0710.2129},
  year={2007}
}
@article{maloney2010quantum,
  title={Quantum gravity partition functions in three dimensions},
  author={Maloney, Alexander and Witten, Edward},
  journal={Journal of High Energy Physics},
  volume={2010},
  number={2},
  pages={1--58},
  year={2010},
  publisher={Springer}
}
@article{dyatlov2013scattering,
  title={Scattering phase asymptotics with fractal remainders},
  author={Dyatlov, Semyon and Guillarmou, Colin},
  journal={Communications in Mathematical Physics},
  volume={324},
  number={2},
  pages={425--444},
  year={2013},
  publisher={Springer}
}
@article{dyatlov2013trapping,
  title={Trapping of waves and null geodesics for rotating black holes},
  author={Dyatlov, Semyon and Zworski, Maciej},
  journal={Physical Review D},
  volume={88},
  number={8},
  pages={084037},
  year={2013},
  publisher={APS}
}
@article{ganea2018hyperbolic,
  title={Hyperbolic neural networks},
  author={Ganea, Octavian-Eugen and B{\'e}cigneul, Gary and Hofmann, Thomas},
  journal={arXiv preprint arXiv:1805.09112},
  year={2018}
}
@article{chami2019hyperbolic,
  title={Hyperbolic graph convolutional neural networks},
  author={Chami, Ines and Ying, Zhitao and R{\'e}, Christopher and Leskovec, Jure},
  journal={Advances in neural information processing systems},
  volume={32},
  pages={4868--4879},
  year={2019}
}
@article{chami2020low,
  title={Low-dimensional hyperbolic knowledge graph embeddings},
  author={Chami, Ines and Wolf, Adva and Juan, Da-Cheng and Sala, Frederic and Ravi, Sujith and R{\'e}, Christopher},
  journal={arXiv preprint arXiv:2005.00545},
  year={2020}
}

@article{witten1982supersymmetry,
  title={Supersymmetry and Morse theory},
  author={Witten, Edward and others},
  journal={Journal of Differential Geometry},
  volume={17},
  number={4},
  pages={661--692},
  year={1982},
  publisher={Lehigh University}
}


@article{witten2002bps,
  title={BPS bound states of D0-D6 and D0-D8 systems in a B-field},
  author={Witten, Edward},
  journal={Journal of High Energy Physics},
  volume={2002},
  number={04},
  pages={012},
  year={2002},
  publisher={IOP Publishing}
}
@inproceedings{dinaburg1970correlation,
  title={A correlation between topological entropy and metric entropy},
  author={Dinaburg, Efim Isaakovich},
  booktitle={Doklady Akademii Nauk},
  volume={190},
  number={1},
  pages={19--22},
  year={1970},
  organization={Russian Academy of Sciences}
}

@article{bowen1971entropy,
  title={Entropy for group endomorphisms and homogeneous spaces},
  author={Bowen, Rufus},
  journal={Transactions of the American Mathematical Society},
  volume={153},
  pages={401--414},
  year={1971}
}

@article{adler1965topological,
  title={Topological entropy},
  author={Adler, Roy L and Konheim, Alan G and McAndrew, M Harry},
  journal={Transactions of the American Mathematical Society},
  volume={114},
  number={2},
  pages={309--319},
  year={1965},
  publisher={JSTOR}
}

@article{atiyah1986supersymmetry,
  title={What is supersymmetry?},
  author={Atiyah, Michael},
  journal={Nature},
  volume={324},
  number={6096},
  pages={419--419},
  year={1986},
  publisher={Nature Publishing Group}
}
@article{kolmogorov1959varepsilon,
  title={$\varepsilon$-entropy and $\varepsilon$-capacity of sets in function spaces},
  author={Kolmogorov, Andrei Nikolaevich and Tikhomirov, Vladimir Mikhailovich},
  journal={Uspekhi Matematicheskikh Nauk},
  volume={14},
  number={2},
  pages={3--86},
  year={1959},
  publisher={Russian Academy of Sciences, Steklov Mathematical Institute of Russian~…}
}

@book{sarnak1980prime,
  title={Prime geodesic theorems},
  author={Sarnak, Peter Clive},
  year={1980},
  publisher={Stanford University}
}

@article{riemann1892ueber,
  title={Ueber die Anzahl der Primzahlen unter einer gegebenen Gr{\"o}sse, 1859},
  author={Riemann, Bernard},
  journal={Gesammelte Werke},
  year={1892}
}

@article{mcmullen1992riemann,
  title={Riemann surfaces and the geometrization of 3-manifolds},
  author={McMullen, Curt},
  journal={arXiv preprint math/9210224},
  year={1992}
}

@book{ahlfors1981mobius,
  title={Mobius transformations in several dimensions},
  author={Ahlfors, Lars Valerian},
  publisher={University of Minnesota},
  year={1981}
}

@incollection{stratmann2004exponent,
  title={The exponent of convergence of Kleinian groups; on a theorem of Bishop and Jones},
  author={Stratmann, Bernd O},
  booktitle={Fractal geometry and stochastics III},
  pages={93--107},
  year={2004},
  publisher={Springer}
}

@inproceedings{blachere2011harmonic,
  title={Harmonic measures versus quasiconformal measures for hyperbolic groups},
  author={Blach{\`e}re, S{\'e}bastien and Ha{\"\i}ssinsky, Peter and Mathieu, Pierre},
  booktitle={Annales scientifiques de l'Ecole normale sup{\'e}rieure},
  volume={44},
  number={4},
  pages={683--721},
  year={2011}
}
@book{ahlfors2010conformal,
  title={Conformal invariants: topics in geometric function theory},
  author={Ahlfors, Lars Valerian},
  volume={371},
  year={2010},
  publisher={American Mathematical Soc.}
}
@article{bishop1997hausdorff,
  title={Hausdorff dimension and Kleinian groups},
  author={Bishop, Christopher J and Jones, Peter W and others},
  journal={Acta Mathematica},
  volume={179},
  number={1},
  pages={1--39},
  year={1997},
  publisher={Institut Mittag-Leffler}
}
@book{jones1987complex,
  title={Complex functions: an algebraic and geometric viewpoint},
  author={Jones, Gareth A and Singerman, David},
  year={1987},
  publisher={Cambridge university press}
}
@incollection{denker2012patterson,
  title={The Patterson measure: classics, variations and applications},
  author={Denker, Manfred and Stratmann, Bernd O},
  booktitle={Contributions in analytic and algebraic number theory},
  pages={171--195},
  year={2012},
  publisher={Springer}
}
@article{patterson1976limit,
  title={The limit set of a Fuchsian group},
  author={Patterson, Samuel J},
  journal={Acta mathematica},
  volume={136},
  number={1},
  pages={241--273},
  year={1976},
  publisher={Springer}
}

@article{mckean1972selberg,
  title={Selberg's trace formula as applied to a compact Riemann surface},
  author={McKean, Henry P},
  journal={Communications on Pure and Applied Mathematics},
  volume={25},
  number={3},
  pages={225--246},
  year={1972},
  publisher={Wiley Online Library}
}


@article{mumford1971remark,
  title={A remark on Mahler’s compactness theorem},
  author={Mumford, David},
  journal={Proceedings of the American Mathematical Society},
  volume={28},
  number={1},
  pages={289--294},
  year={1971}
}


@article{bourgain2011generalization,
  title={Generalization of Selberg’s 3/16 theorem and affine sieve},
  author={Bourgain, Jean and Gamburd, Alex and Sarnak, Peter},
  journal={Acta mathematica},
  volume={207},
  number={2},
  pages={255--290},
  year={2011},
  publisher={Institut Mittag-Leffler}
}



@article{sarnak2005notes,
  title={Notes on the generalized Ramanujan conjectures},
  author={Sarnak, Peter},
  journal={Harmonic analysis, the trace formula, and Shimura varieties},
  volume={4},
  pages={659--685},
  year={2005}
}

@book{seppala2011geometry,
  title={Geometry of Riemann surfaces and Teichm{\"u}ller spaces},
  author={Sepp{\"a}l{\"a}, Mika and Sorvali, Tuomas},
  year={2011},
  publisher={Elsevier}
}


@article{10.1215/S0012-7094-01-10624-8,
author = {S. J. Patterson and Peter A. Perry},
title = {{The divisor of Selberg's zeta function for Kleinian groups}},
volume = {106},
journal = {Duke Mathematical Journal},
number = {2},
publisher = {Duke University Press},
pages = {321 -- 390},
year = {2001},
doi = {10.1215/S0012-7094-01-10624-8},
URL = {https://doi.org/10.1215/S0012-7094-01-10624-8}
}
@article{selberg1956harmonic,
  title={Harmonic analysis and discontinuous groups in weakly symmetric spaces with applications to Dirichlet series},
  author={Selberg, Atle},
  journal={J. Indian Math. Soc.},
  volume={20},
  pages={47--87},
  year={1956}
}
@article{bowen1979markov,
  title={Markov maps associated with Fuchsian groups},
  author={Bowen, Rufus and Series, Caroline},
  journal={Publications Math{\'e}matiques de l'IH{\'E}S},
  volume={50},
  pages={153--170},
  year={1979}
}

@book{thurston1979geometry,
  title={The geometry and topology of three-manifolds},
  author={Thurston, William P},
  year={1979},
  publisher={Princeton University Princeton, NJ}
}
@book{thurston1997three,
  title={Three-dimensional geometry and topology},
  author={Thurston, William P},
  year={1997},
  publisher={Princeton university press}
}

@article{wheeler1955geons,
  title={Geons},
  author={Wheeler, John Archibald},
  journal={Physical Review},
  volume={97},
  number={2},
  pages={511},
  year={1955},
  publisher={APS}
}

@inproceedings{montgomery1973pair,
  title={The pair correlation of zeros of the zeta function},
  author={Montgomery, Hugh L},
  booktitle={Proc. Symp. Pure Math},
  volume={24},
  pages={181--193},
  year={1973}
}


@article{sullivan1979density,
  title={The density at infinity of a discrete group of hyperbolic motions},
  author={Sullivan, Dennis},
  journal={Publications Math{\'e}matiques de l'Institut des Hautes {\'E}tudes Scientifiques},
  volume={50},
  number={1},
  pages={171--202},
  year={1979},
  publisher={Springer}
}

@article{bourgain2017fourier,
  title={Fourier dimension and spectral gaps for hyperbolic surfaces},
  author={Bourgain, Jean and Dyatlov, Semyon},
  journal={Geometric and Functional Analysis},
  volume={27},
  number={4},
  pages={744--771},
  year={2017},
  publisher={Springer}
}

@article{riemann,
  added-at = {2009-08-02T17:14:35.000+0200},
  author = {Riemann, Bernhard},
  biburl = {https://www.bibsonomy.org/bibtex/28f72e5795345ba499ad8c095a71fe54d/rwst},
  citeulike-article-id = {3147759},
  citeulike-linkout-0 = {http://www.emis.de/classics/Riemann/Zeta.tex},
  description = {my bookmarks from citeulike},
  interhash = {47a0a168ed1966d63b609df387f1b66a},
  intrahash = {8f72e5795345ba499ad8c095a71fe54d},
  journal = {Monatsberichte der Berliner Akademie},
  keywords = {Vor1900 available-in-tex-format mathematics number-theory pre1900},
  month = {November},
  pages = {671--680},
  posted-at = {2008-08-22 10:32:48},
  priority = {2},
  timestamp = {2009-08-06T10:42:39.000+0200},
  title = {Ueber die Anzahl der Primzahlen unter einer gegebenen Gr\"{o}sse},
  url = {http://www.emis.de/classics/Riemann/Zeta.tex},
  year = 1859
}


@article{huber1959analytischen,
  title={Zur analytischen theorie hyperbolischer raumformen und bewegungsgruppen},
  author={Huber, Heinz},
  journal={Mathematische Annalen},
  volume={138},
  number={1},
  pages={1--26},
  year={1959},
  publisher={Springer}
}

@article{Huber,
  
  author = {H. Huber},
  journal = {Annals of Mathematics},
  pages = {1-26},
  VOLUME= 138,
  title = {Zur analytischen Theorie hyperbolischen Raumformen und Bewegungsgruppen},
  year = 1959
}

@article{randol1977asymptotic,
  title={On the asymptotic distribution of closed geodesics on compact Riemann surfaces},
  author={Randol, Burton},
  journal={Transactions of the American Mathematical Society},
  volume={233},
  pages={241--247},
  year={1977}
}


@article{randol,
  
  author = {B. Randol},
  journal = {Trans. Amer. Math. Soc.},
  pages = {241-247},
  VOLUME= 233,
  title = {On the asymptotic distribution of closed geodesics on compact Riemann surfaces},
  year = 1977
}

@article{perry2001asymptotics,
  title={Asymptotics of the length spectrum for hyperbolic manifolds of infinite volume},
  author={Perry, Peter A},
  journal={Geometric \& Functional Analysis GAFA},
  volume={11},
  number={1},
  pages={132--141},
  year={2001},
  publisher={Springer}
}


@article{perry,
  
  author = {P. A. Perry},
  journal = {Geom. Funct. Anal.},
  pages = {132-141},
  VOLUME= 11,
  title = {Asymptotics of the length spectrum for hyperbolic manifolds of infinite volume},
  year = 2001
}

@article{guillarmou-naud,
  
  author = {C. Guillarmou and F. Naud},
  journal = {Comm. Anal. Geom.},
  pages = {945-967},
  VOLUME= 14,
  title = {Wave 0-trace and length spectrum on convex co-compact hyperbolic manifolds},
  year = 2005
}
@article{guillarmou2006wave,
  title={Wave 0-trace and length spectrum on convex co-compact hyperbolic manifolds},
  author={Guillarmou, Colin and Naud, Fr{\'e}d{\'e}ric},
  journal={arXiv preprint math/0606223},
  year={2006}
}

@article{phillips1985laplacian,
  title={The Laplacian for domains in hyperbolic space and limit sets of Kleinian groups},
  author={Phillips, Ralph S and Sarnak, Peter},
  journal={Acta mathematica},
  volume={155},
  number={1},
  pages={173},
  year={1985},
  publisher={Springer}
}

@article{patterson1988lattice,
  title={On a lattice-point problem in hyperbolic space and related questions in spectral theory},
  author={Patterson, Samuel J},
  journal={Arkiv f{\"o}r Matematik},
  volume={26},
  number={1},
  pages={167--172},
  year={1988},
  publisher={Springer Netherlands}
}


@article{Mirzakhani,
  
  author = {Maryam Mirzakhani},
  journal = {Annals of Mathematics},
  pages = {97-125},
  VOLUME= 168,
  title = {Growth of the number of simple closed geodesics on hyperbolic surfaces},
  url = {http://www.emis.de/classics/Riemann/Zeta.tex},
  year = 2008
}

@inproceedings{mcmullen1991rational,
  title={Rational maps and Kleinian groups},
  author={McMullen, Curtis T},
  booktitle={Proceedings of the International Congress of Mathematicians},
  year={1991},
  organization={Springer}
}
@book{carmo1992riemannian,
  title={Riemannian geometry},
  author={Carmo, Manfredo Perdigao do},
  year={1992},
  publisher={Birkh{\"a}user}
}

@book{do2016differential,
  title={Differential geometry of curves and surfaces: revised and updated second edition},
  author={Do Carmo, Manfredo P},
  year={2016},
  publisher={Courier Dover Publications}
}
@book{borthwick2007spectral,
  title={Spectral theory of infinite-area hyperbolic surfaces},
  author={Borthwick, David},
  year={2007},
  publisher={Springer}
}

@misc{tom1976apostol,
  title={Modular Functions and Dirichlet Series in Number Theory},
  author={Apostol, Tom M},
  year={1976},
  journal={Graduate Texts in Mathematics},
  volume={41},
  publisher={Springer-Verlag New York}
}

@article{apostol1990modular,
  title={Modular Functions and Dirichlet Series in Number Theory Series},
  author={Apostol, T},
  journal={Graduate Texts in Mathematics},
  volume={41},
  year={1990}
}


@book{borthwick,
    author    = "David Borthwick",
    title     = "Spectral Theory of Infinite-Area Hyperbolic Surfaces",
    year      = "2007",
    publisher = "Birkhaeuser",
    address   = "Boston"
}


@book{hejhal,
    author={Hejhal, D},
    title     = "The Selberg Trace Formula for $PSL(2, \mathbb{R})$",
    year      = "1976",
    publisher = "Springer-Verlag",
    address   = "Berlin"
}

@article{hejhal1983selberg,
  title={The Selberg trace formula for PSL (2, $$$\{$$\backslash$mathbb $\{$R$\}$$\}$ $$)},
  author={Hejhal, D},
  journal={Lecture Notes in Mathematics},
  volume={1001},
  year={1983}
}

@book{katok1992fuchsian,
  title={Fuchsian groups},
  author={Katok, Svetlana},
  year={1992},
  publisher={University of Chicago press}
}

@article{tsuji1953capacity,
  title={On the capacity of general Cantor sets},
  author={Tsuji, Masatsugu},
  journal={Journal of the Mathematical Society of Japan},
  volume={5},
  number={2},
  pages={235--252},
  year={1953},
  publisher={The Mathematical Society of Japan}
}

@article{tsuji1970potential,
  title={Potential theory in modern function theory, Maruzen, Tokyo, 1959},
  author={Tsuji, Masatsugu},
  journal={MR},
  volume={22},
  pages={5712},
  year={1959}
}

@book{polya2004solve,
  title={How to solve it: A new aspect of mathematical method},
  author={Polya, George},
  number={246},
  year={2004},
  publisher={Princeton university press}
}


@article{elstrodt1973resolvente1,
  title={Die Resolvente zum Eigenwertproblem der automorphen Formen in der hyperbolischen Ebene. Teil I},
  author={Elstrodt, J{\"u}rgen},
  journal={Mathematische Annalen},
  volume={203},
  number={4},
  pages={295--330},
  year={1973},
  publisher={Springer}
}

@article{elstrodt1973resolvente2,
  title={Die Resolvente zum Eigenwertproblem der automorphen Formen in der hyperbolischen Ebene. Teil II},
  author={Elstrodt, J{\"u}rgen},
  journal={Mathematische Zeitschrift},
  volume={132},
  number={2},
  pages={99--134},
  year={1973},
  publisher={Springer}
}

@article{elstrodt1974resolvente3,
  title={Die Resolvente zum Eigenwertproblem der automorphen Formen in der hyperbolischen Ebene. Teil III},
  author={Elstrodt, J{\"u}rgen},
  journal={Mathematische Annalen},
  volume={208},
  number={2},
  pages={99--132},
  year={1974},
  publisher={Springer}
}


@article{beardon1971inequalities,
  title={Inequalities for certain Fuchsian groups},
  author={Beardon, Alan F},
  journal={Acta Mathematica},
  volume={127},
  number={1},
  pages={221--258},
  year={1971},
  publisher={Springer}
}
@inproceedings{beardon1965hausdorff,
  title={On the Hausdorff dimension of general Cantor sets},
  author={Beardon, Alan F},
  booktitle={Mathematical Proceedings of the Cambridge Philosophical Society},
  volume={61},
  number={3},
  pages={679--694},
  year={1965},
  organization={Cambridge University Press}
}

@article{beardon1966hausdorff,
  title={The Hausdorff dimension of singular sets of properly discontinuous groups},
  author={Beardon, Alan F},
  journal={American Journal of Mathematics},
  volume={88},
  number={3},
  pages={722--736},
  year={1966},
  publisher={JSTOR}
}


@book{beardon2012geometry,
  title={The geometry of discrete groups},
  author={Beardon, Alan F},
  volume={91},
  year={1995},
  publisher={Springer Science \& Business Media}
}

@article{patterson1976exponent,
  title={The exponent of convergence of Poincar{\'e} series},
  author={Patterson, Samuel J},
  journal={Monatshefte f{\"u}r Mathematik},
  volume={82},
  number={4},
  pages={297--315},
  year={1976},
  publisher={Springer}
}


@article{beardon1968exponent,
  title={The exponent of convergence of Poincar{\'e} series},
  author={Beardon, Alan F},
  journal={Proceedings of the London Mathematical Society},
  volume={3},
  number={3},
  pages={461--483},
  year={1968},
  publisher={Oxford Academic}
}


@article{dong2018phase,
  title={Phase transitions in 3D gravity and fractal dimension},
  author={Dong, Xi and Maguire, Shaun and Maloney, Alexander and Maxfield, Henry},
  journal={Journal of High Energy Physics},
  volume={2018},
  number={5},
  pages={1--41},
  year={2018},
  publisher={Springer}
}


@article{krasnov2003black,
  title={Black-hole thermodynamics and Riemann surfaces},
  author={Krasnov, Kirill},
  journal={Classical and Quantum Gravity},
  volume={20},
  number={11},
  pages={2235},
  year={2003},
  publisher={IOP Publishing}
}

@article{carlip19952+,
  title={The (2+ 1)-dimensional black hole},
  author={Carlip, Steven},
  journal={Classical and Quantum Gravity},
  volume={12},
  number={12},
  pages={2853},
  year={1995},
  publisher={IOP Publishing}
}
@article{koch2016scale,
  title={A scale dependent black hole in three-dimensional space--time},
  author={Koch, Benjamin and Reyes, Ignacio A and Rinc{\'o}n, {\'A}ngel},
  journal={Classical and Quantum Gravity},
  volume={33},
  number={22},
  pages={225010},
  year={2016},
  publisher={IOP Publishing}
}

@article{witten1998anti,
  title={Anti de Sitter space and holography},
  author={Witten, Edward},
  journal={arXiv preprint hep-th/9802150},
  year={1998}
}

@article{maldacena1999large,
  title={The large-N limit of superconformal field theories and supergravity},
  author={Maldacena, Juan},
  journal={International journal of theoretical physics},
  volume={38},
  number={4},
  pages={1113--1133},
  year={1999},
  publisher={Springer}
}

@book{latexcompanion,
    author    = "Michel Goossens and Frank Mittelbach and Alexander Samarin",
    title     = "The \LaTeX\ Companion",
    year      = "1993",
    publisher = "Addison-Wesley",
    address   = "Reading, Massachusetts"
}

@misc{knuthwebsite,
    author    = "Donald Knuth",
    title     = "Knuth: Computers and Typesetting",
    url       = "http://www-cs-faculty.stanford.edu/\~{}uno/abcde.html"
}

@STRING(PRL="Phys. Rev. Lett.")

@STRING(RMP="Rev. Mod. Phys.")

 

@ARTICLE{klitzing:qhe,

   AUTHOR="K. von Klitzing and G. Dorda and M. Pepper",

   TITLE="New method for high accuracy determination of fine structure

            constant based on quantised hall resistance",

   JOURNAL=PRL,

   VOLUME=45,

   PAGES=494,

   YEAR=1980

}

 

@ARTICLE{klitzing:nobel,

   AUTHOR="Klaus von Klitzing",

   TITLE="The Quantised Hall Effect",

   JOURNAL=RMP,

   VOLUME=58,

   PAGES=519,

   YEAR=1986

}

%%%%%%%%%%%%%%%%%%%%%%%%%%%%%%%%%%%%%%%%%%%%%%%%%%%%%%%%%%%%%%%%%%%%%%%%%%%%%

@book{wade,
  title={An Introduction to Analysis},
  author={Wade, William R},
  year={2009},
  publisher={Prentice Hall}
}


@article{dyatlov2012microlocal,
  title={Microlocal limits of Eisenstein functions away from the unitarity axis},
  author={Dyatlov, Semyon},
  journal={Journal of Spectral Theory},
  volume={2},
  number={2},
  pages={181--202},
  year={2012}
}
@article{borthwick2014distribution,
  title={Distribution of resonances for hyperbolic surfaces},
  author={Borthwick, David},
  journal={Experimental Mathematics},
  volume={23},
  number={1},
  pages={25--45},
  year={2014},
  publisher={Taylor \& Francis}
}


@article{poincare1882theorie,
  title={Th{\'e}orie des groupes fuchsiens},
  author={Poincar{\'e}, Henri and others},
  journal={Acta mathematica},
  volume={1},
  pages={1--62},
  year={1882},
  publisher={Institut Mittag-Leffler}
}
@book{mumford2002indra,
  title={Indra's pearls: The vision of Felix Klein},
  author={Mumford, David and Series, Caroline and Wright, David},
  year={2002},
  publisher={Cambridge University Press}
}
@book{poincare1985papers,
  title={Papers on Fuchsian functions},
  author={Poincar{\'e}, Jules Henri},
  year={1985},
  publisher={springer}
}
@book{stillwell2012classical,
  title={Classical topology and combinatorial group theory},
  author={Stillwell, John},
  volume={72},
  year={2012},
  publisher={Springer Science \& Business Media}
}
@book{stillwell2012geometry,
  title={Geometry of surfaces},
  author={Stillwell, John},
  year={2012},
  publisher={Springer Science \& Business Media}
}

@book{stillwell2005four,
  title={The four pillars of geometry},
  author={Stillwell, John},
  year={2005},
  publisher={Springer Science \& Business Media}
}

@book{stillwell1989mathematics,
  title={Mathematics and its History},
  author={Stillwell, John},
  volume={3},
  year={1989},
  publisher={Springer}
}

@book{mcmullen2016complex,
  title={Complex Dynamics and Renormalization (AM-135), Volume 135},
  author={McMullen, Curtis T},
  year={2016},
  publisher={Princeton University Press}
}

@book{mcmullen2014renormalization,
  title={Renormalization and 3-Manifolds Which Fiber over the Circle (AM-142), Volume 142},
  author={McMullen, Curtis T},
  year={2014},
  publisher={Princeton University Press}
}


@book{dal2010geodesic,
  title={Geodesic and horocyclic trajectories},
  author={Dal’Bo, Fran{\c{c}}oise},
  year={2010},
  publisher={Springer Science \& Business Media}
}
@article{sullivan1982disjoint,
  title={Disjoint spheres, approximation by imaginary quadratic numbers, and the logarithm law for geodesics},
  author={Sullivan, Dennis},
  journal={Acta mathematica},
  volume={149},
  number={1},
  pages={215--237},
  year={1982},
  publisher={Springer}
}

@article{hersonsky2001hausdorff,
  title={Hausdorff dimension of Diophantine geodesics in negatively curved manifolds},
  author={Hersonsky, Sa’ar and Paulin, Fr{\'e}d{\'e}ric},
  journal={Journal fur die reine und angewandte Mathematik},
  pages={29--44},
  year={2001},
  publisher={WALTER DE GRUYTER}
}

@article{patterson1976diophantine,
  title={Diophantine approximation in Fuchsian groups},
  author={Patterson, Samuel J},
  journal={Philosophical Transactions of the Royal Society of London. Series A, Mathematical and Physical Sciences},
  volume={282},
  number={1309},
  pages={527--563},
  year={1976},
  publisher={The Royal Society London}
}

@article{ford1938fractions,
  title={Fractions},
  author={Ford, Lester R},
  journal={The American Mathematical Monthly},
  volume={45},
  number={9},
  pages={586--601},
  year={1938},
  publisher={Taylor \& Francis}
}

@book{hardy1979introduction,
  title={An introduction to the theory of numbers},
  author={Hardy, Godfrey Harold and Wright, Edward Maitland and others},
  year={1979},
  publisher={Oxford university press}
}

@book{hardy1968introduction,
  title={An Introduction to the Theory of Numbers, by G.H. Hardy and E.M. Wright. 4th Ed},
  author={Hardy, G.H. and Wright, E.M.},
  url={https://books.google.com/books?id=-TA5kgAACAAJ},
  year={1968},
  publisher={Oxford, Clarendon Press}
}


@inproceedings{artin1924mechanisches,
  title={Ein mechanisches System mit quasiergodischen Bahnen},
  author={Artin, Emil},
  booktitle={Abhandlungen aus dem Mathematischen Seminar der Universit{\"a}t Hamburg},
  volume={3},
  number={1},
  pages={170--175},
  year={1924},
  organization={Springer}
}


@article{strominger1996mirror,
  title={Mirror symmetry is T-duality},
  author={Strominger, Andrew and Yau, Shing-Tung and Zaslow, Eric},
  journal={Nuclear Physics B},
  volume={479},
  number={1-2},
  pages={243--259},
  year={1996},
  publisher={Elsevier}
}

@article{witten1982supersymmetry,
  title={Supersymmetry and Morse theory},
  author={Witten, Edward and others},
  journal={Journal of Differential Geometry},
  volume={17},
  number={4},
  pages={661--692},
  year={1982},
  publisher={Lehigh University}
}


@article{witten2002bps,
  title={BPS bound states of D0-D6 and D0-D8 systems in a B-field},
  author={Witten, Edward},
  journal={Journal of High Energy Physics},
  volume={2002},
  number={04},
  pages={012},
  year={2002},
  publisher={IOP Publishing}
}


@article{atiyah1986supersymmetry,
  title={What is supersymmetry?},
  author={Atiyah, Michael},
  journal={Nature},
  volume={324},
  number={6096},
  pages={419--419},
  year={1986},
  publisher={Nature Publishing Group}
}

@book{nicholls1989ergodic,
  title={The ergodic theory of discrete groups},
  author={Nicholls, Peter J and others},
  volume={143},
  year={1989},
  publisher={Cambridge University Press}
}


@article{mcmullen1992riemann,
  title={Riemann surfaces and the geometrization of 3-manifolds},
  author={McMullen, Curt},
  journal={arXiv preprint math/9210224},
  year={1992}
}
@article{mcmullen1998hausdorff,
  title={Hausdorff dimension and conformal dynamics, III: Computation of dimension},
  author={McMullen, Curtis T},
  journal={American journal of mathematics},
  volume={120},
  number={4},
  pages={691--721},
  year={1998},
  publisher={Johns Hopkins University Press}
}


@article{selberg1956harmonic,
  title={Harmonic analysis and discontinuous groups in weakly symmetric spaces with applications to Dirichlet series},
  author={Selberg, Atle},
  journal={J. Indian Math. Soc.},
  volume={20},
  pages={47--87},
  year={1956}
}
@article{bowen1979markov,
  title={Markov maps associated with Fuchsian groups},
  author={Bowen, Rufus and Series, Caroline},
  journal={Publications Math{\'e}matiques de l'IH{\'E}S},
  volume={50},
  pages={153--170},
  year={1979}
}

@book{thurston1979geometry,
  title={The geometry and topology of three-manifolds},
  author={Thurston, William P},
  year={1979},
  publisher={Princeton University Princeton, NJ}
}
@book{thurston1997three,
  title={Three-dimensional geometry and topology},
  author={Thurston, William P},
  year={1997},
  publisher={Princeton university press}
}

@book{hasselblatt2002handbook,
  title={Handbook of dynamical systems},
  author={Hasselblatt, Boris and Katok, Anatole},
  year={2002},
  publisher={Elsevier}
}

@article{sullivan1979density,
  title={The density at infinity of a discrete group of hyperbolic motions},
  author={Sullivan, Dennis},
  journal={Publications Math{\'e}matiques de l'Institut des Hautes {\'E}tudes Scientifiques},
  volume={50},
  number={1},
  pages={171--202},
  year={1979},
  publisher={Springer}
}



@article{riemann,
  added-at = {2009-08-02T17:14:35.000+0200},
  author = {Riemann, Bernhard},
  biburl = {https://www.bibsonomy.org/bibtex/28f72e5795345ba499ad8c095a71fe54d/rwst},
  citeulike-article-id = {3147759},
  citeulike-linkout-0 = {http://www.emis.de/classics/Riemann/Zeta.tex},
  description = {my bookmarks from citeulike},
  interhash = {47a0a168ed1966d63b609df387f1b66a},
  intrahash = {8f72e5795345ba499ad8c095a71fe54d},
  journal = {Monatsberichte der Berliner Akademie},
  keywords = {Vor1900 available-in-tex-format mathematics number-theory pre1900},
  month = {November},
  pages = {671--680},
  posted-at = {2008-08-22 10:32:48},
  priority = {2},
  timestamp = {2009-08-06T10:42:39.000+0200},
  title = {Ueber die Anzahl der Primzahlen unter einer gegebenen Gr\"{o}sse},
  url = {http://www.emis.de/classics/Riemann/Zeta.tex},
  year = 1859
}


@article{huber1959analytischen,
  title={Zur analytischen theorie hyperbolischer raumformen und bewegungsgruppen},
  author={Huber, Heinz},
  journal={Mathematische Annalen},
  volume={138},
  number={1},
  pages={1--26},
  year={1959},
  publisher={Springer}
}

@article{Huber,
  
  author = {H. Huber},
  journal = {Annals of Mathematics},
  pages = {1-26},
  VOLUME= 138,
  title = {Zur analytischen Theorie hyperbolischen Raumformen und Bewegungsgruppen},
  year = 1959
}

@article{randol1977asymptotic,
  title={On the asymptotic distribution of closed geodesics on compact Riemann surfaces},
  author={Randol, Burton},
  journal={Transactions of the American Mathematical Society},
  volume={233},
  pages={241--247},
  year={1977}
}


@article{randol,
  
  author = {B. Randol},
  journal = {Trans. Amer. Math. Soc.},
  pages = {241-247},
  VOLUME= 233,
  title = {On the asymptotic distribution of closed geodesics on compact Riemann surfaces},
  year = 1977
}

@article{perry2001asymptotics,
  title={Asymptotics of the length spectrum for hyperbolic manifolds of infinite volume},
  author={Perry, Peter A},
  journal={Geometric \& Functional Analysis GAFA},
  volume={11},
  number={1},
  pages={132--141},
  year={2001},
  publisher={Springer}
}


@article{perry,
  
  author = {P. A. Perry},
  journal = {Geom. Funct. Anal.},
  pages = {132-141},
  VOLUME= 11,
  title = {Asymptotics of the length spectrum for hyperbolic manifolds of infinite volume},
  year = 2001
}

@article{guillarmou-naud,
  
  author = {C. Guillarmou and F. Naud},
  journal = {Comm. Anal. Geom.},
  pages = {945-967},
  VOLUME= 14,
  title = {Wave 0-trace and length spectrum on convex co-compact hyperbolic manifolds},
  year = 2005
}
@article{guillarmou2006wave,
  title={Wave 0-trace and length spectrum on convex co-compact hyperbolic manifolds},
  author={Guillarmou, Colin and Naud, Fr{\'e}d{\'e}ric},
  journal={arXiv preprint math/0606223},
  year={2006}
}


@article{patterson1988lattice,
  title={On a lattice-point problem in hyperbolic space and related questions in spectral theory},
  author={Patterson, Samuel James},
  journal={Arkiv f{\"o}r Matematik},
  volume={26},
  number={1},
  pages={167--172},
  year={1988},
  publisher={Springer Netherlands}
}


@article{Mirzakhani,
  
  author = {Maryam Mirzakhani},
  journal = {Annals of Mathematics},
  pages = {97-125},
  VOLUME= 168,
  title = {Growth of the number of simple closed geodesics on hyperbolic surfaces},
  url = {http://www.emis.de/classics/Riemann/Zeta.tex},
  year = 2008
}

@inproceedings{mcmullen1991rational,
  title={Rational maps and Kleinian groups},
  author={McMullen, Curtis T},
  booktitle={Proceedings of the International Congress of Mathematicians},
  year={1991},
  organization={Springer}
}
@book{carmo1992riemannian,
  title={Riemannian geometry},
  author={Carmo, Manfredo Perdigao do},
  year={1992},
  publisher={Birkh{\"a}user}
}

@book{do2016differential,
  title={Differential geometry of curves and surfaces: revised and updated second edition},
  author={Do Carmo, Manfredo P},
  year={2016},
  publisher={Courier Dover Publications}
}

@book{axler2021measure,
  title={Measure, integration \& real analysis},
  author={Axler, Sheldon},
  year={2021},
  publisher={Springer Nature}
}
@book{stein2010complex,
  title={Complex analysis},
  author={Stein, Elias M and Shakarchi, Rami},
  volume={2},
  year={2010},
  publisher={Princeton University Press}
}
@book{MichaelStarbirdFrancisSu,
  title={Topology Through Inquiry},
  author={Starbird, Michael and Su, Francis},
  year={2001},
  publisher={American Mathematical Society}
}
@book{munkres2000topology,
  title={Topology},
  author={Munkres, James R},
  year={2000},
  publisher={Prentice hall Upper Saddle River, NJ}
}
@book{hatcher2001algebraic,
  title={Algebraic topology},
  author={Hatcher, Allen},
  year={2001},
  publisher={Cambridge University Press}
}
@incollection{kapovich2007kleinian,
  title={Kleinian groups in higher dimensions},
  author={Kapovich, Michael},
  booktitle={Geometry and dynamics of groups and spaces},
  pages={487--564},
  year={2007},
  publisher={Springer}
}
@book{borthwick,
    author    = "David Borthwick",
    title     = "Spectral Theory of Infinite-Area Hyperbolic Surfaces",
    year      = "2007",
    publisher = "Birkhaeuser",
    address   = "Boston"
}
@incollection{ahlfors1985mobius,
  title={M{\"o}bius transformations and Clifford numbers},
  author={Ahlfors, Lars Valerian},
  booktitle={Differential geometry and complex analysis},
  pages={65--73},
  year={1985},
  publisher={Springer}
}
@inproceedings{ahlfors1985fixed,
  title={On the Fixed-points of M\"{o}bius transformations in $\mathbb{R}^n$},
  author={Ahlfors, Lars Valerian},
  booktitle={Annales Academiae Scientiarum Fennicae-Mathematica},
  volume={10},
  number={1},
  pages={15--27},
  year={1985},
  publisher={Academia Scientiarum Fennica}
}
@article{ahlfors1986mobius,
  title={M{\"o}bius transformations in expressed through 2$\times$ 2 matrices of Clifford numbers},
  author={Ahlfors, Lars Valerian},
  journal={Complex Variables and Elliptic Equations},
  volume={5},
  number={2-4},
  pages={215--224},
  year={1986},
  publisher={Taylor \& Francis}
}
@article{ahlfors1984old,
  title={Old and new in M{\"o}bius groups},
  author={Ahlfors, Lars Valerian},
  journal={Suomalainen Tiedeakatemia Ann. of the Sci. Acad. of Finland, Ser. A, 1: Math.},
  volume={9},
  pages={93--105},
  year={1984}
}
@book{hejhal,
    author={Hejhal, D},
    title     = "The Selberg Trace Formula for $PSL(2, \mathbb{R})$",
    year      = "1976",
    publisher = "Springer-Verlag",
    address   = "Berlin"
}

@article{hejhal1983selberg,
  title={The Selberg trace formula for PSL (2, $$$\{$$\backslash$mathbb $\{$R$\}$$\}$ $$)},
  author={Hejhal, D},
  journal={Lecture Notes in Mathematics},
  volume={1001},
  year={1983}
}



@misc{series2008hyperbolic,
  title={Hyperbolic geometry MA 448},
  author={Series, Caroline},
  year={2008}
}

@article{katok2010fuchsian,
  title={Fuchsian groups, geodesic flows on surfaces of constant negative curvature and symbolic coding of geodesics},
  author={Katok, Svetlana},
  journal={Homogeneous Flows, Moduli Spaces and Arithmetic},
  volume={10},
  pages={243--320},
  year={2010},
  publisher={Citeseer}
}

@book{kapovich2001hyperbolic,
  title={Hyperbolic manifolds and discrete groups},
  author={Kapovich, Michael and Kapocivh, Mikhail},
  volume={183},
  year={2001},
  publisher={Springer Science \& Business Media}
}








@article{krasnov2003black,
  title={Black-hole thermodynamics and Riemann surfaces},
  author={Krasnov, Kirill},
  journal={Classical and Quantum Gravity},
  volume={20},
  number={11},
  pages={2235},
  year={2003},
  publisher={IOP Publishing}
}

@article{carlip19952+,
  title={The (2+ 1)-dimensional black hole},
  author={Carlip, Steven},
  journal={Classical and Quantum Gravity},
  volume={12},
  number={12},
  pages={2853},
  year={1995},
  publisher={IOP Publishing}
}
@article{koch2016scale,
  title={A scale dependent black hole in three-dimensional space--time},
  author={Koch, Benjamin and Reyes, Ignacio A and Rinc{\'o}n, {\'A}ngel},
  journal={Classical and Quantum Gravity},
  volume={33},
  number={22},
  pages={225010},
  year={2016},
  publisher={IOP Publishing}
}

@article{witten1998anti,
  title={Anti de Sitter space and holography},
  author={Witten, Edward},
  journal={arXiv preprint hep-th/9802150},
  year={1998}
}

@article{maldacena1999large,
  title={The large-N limit of superconformal field theories and supergravity},
  author={Maldacena, Juan},
  journal={International journal of theoretical physics},
  volume={38},
  number={4},
  pages={1113--1133},
  year={1999},
  publisher={Springer}
}

@book{latexcompanion,
    author    = "Michel Goossens and Frank Mittelbach and Alexander Samarin",
    title     = "The \LaTeX\ Companion",
    year      = "1993",
    publisher = "Addison-Wesley",
    address   = "Reading, Massachusetts"
}

@misc{knuthwebsite,
    author    = "Donald Knuth",
    title     = "Knuth: Computers and Typesetting",
    url       = "http://www-cs-faculty.stanford.edu/\~{}uno/abcde.html"
}

@STRING(PRL="Phys. Rev. Lett.")

@STRING(RMP="Rev. Mod. Phys.")

 

@ARTICLE{klitzing:qhe,

   AUTHOR="K. von Klitzing and G. Dorda and M. Pepper",

   TITLE="New method for high accuracy determination of fine structure

            constant based on quantised hall resistance",

   JOURNAL=PRL,

   VOLUME=45,

   PAGES=494,

   YEAR=1980

}

 

@ARTICLE{klitzing:nobel,

   AUTHOR="Klaus von Klitzing",

   TITLE="The Quantised Hall Effect",

   JOURNAL=RMP,

   VOLUME=58,

   PAGES=519,

   YEAR=1986

}

